@article{PhysRevA.57.120,
  title = {Quantum computation with quantum dots},
  author = {Loss, Daniel and DiVincenzo, David P.},
  journal = {Phys. Rev. A},
  volume = {57},
  issue = {1},
  pages = {120--126},
  numpages = {0},
  year = {1998},
  month = {Jan},
  publisher = {American Physical Society},
  doi = {10.1103/PhysRevA.57.120},
  url = {http://link.aps.org/doi/10.1103/PhysRevA.57.120}
}

